@article{citacao-exemplo,
	title = {Exemplo de artigo citado},
	volume = {1},
	abstract = {Aqui vai o abstract do artigo....},
	language = {en},
	number = {1},
	journal = {Revista tal tal tal},
	author = {Sheriff, Abdullah},
	year = {2023},
	pages = {10},
}